<?xml version="1.0" encoding="UTF-8"?><record xmlns="http://www.loc.gov/MARC21/slim" xmlns:cinclude="http://apache.org/cocoon/include/1.0" xmlns:zs="http://www.loc.gov/zing/srw/">
  <leader>00421nz  a2200133n  4500</leader>
  <controlfield tag="001">n 2002153304</controlfield>
  <controlfield tag="003">DLC</controlfield>
  <controlfield tag="005">20020624101448.0</controlfield>
  <controlfield tag="008">020624n| acannaabn          |a aaa      </controlfield>
  <datafield tag="010" ind1=" " ind2=" ">
    <subfield code="a">n 2002153304</subfield>
  </datafield>
  <datafield tag="040" ind1=" " ind2=" ">
    <subfield code="a">DLC</subfield>
    <subfield code="b">eng</subfield>
    <subfield code="c">DLC</subfield>
  </datafield>
  <datafield tag="100" ind1="1" ind2=" ">
    <subfield code="a">Rappaport-Musson, Judith,</subfield>
    <subfield code="d">1942-</subfield>
  </datafield>
  <datafield tag="400" ind1="1" ind2=" ">
    <subfield code="a">Musson, Judith Rappaport-,</subfield>
    <subfield code="d">1942-</subfield>
  </datafield>
  <datafield tag="670" ind1=" " ind2=" ">
    <subfield code="a">Beerman, Susan. Eldercare 911, 2002:</subfield>
    <subfield code="b">CIP t.p. (Judith Rappaport-Musson) data sheet (b. 12-16-42)</subfield>
  </datafield>
</record>